<record><leader>00000cas a22000007a 4500</leader><controlfield tag="001">16238792</controlfield><controlfield tag="008">870720d19131933paudn ne      0    0eng d</controlfield><datafield ind1=" " ind2=" " tag="010"><subfield code="a">sn 87080537 </subfield></datafield><datafield ind1=" " ind2=" " tag="040"><subfield code="a">NPH</subfield><subfield code="b">eng</subfield><subfield code="c">NPH</subfield><subfield code="d">OCLCQ</subfield></datafield><datafield ind1=" " ind2=" " tag="042"><subfield code="a">msc</subfield></datafield><datafield ind1="0" ind2="4" tag="245"><subfield code="a">The Pottstown news.</subfield></datafield><datafield ind1=" " ind2=" " tag="260"><subfield code="a">Pottstown, Pa. :</subfield><subfield code="b">Pottstown Daily News Pub. Co.,</subfield><subfield code="c">1913-1933.</subfield></datafield><datafield ind1=" " ind2=" " tag="300"><subfield code="a">60 v. ;</subfield><subfield code="c">55 cm.</subfield></datafield><datafield ind1=" " ind2=" " tag="310"><subfield code="a">Daily (except Sun.)</subfield></datafield><datafield ind1="0" ind2=" " tag="362"><subfield code="a">Vol. 68, no. 35 (Feb. 10, 1913)-v. 128, no. 54 (Mar. 4, 1933).</subfield></datafield><datafield ind1=" " ind2=" " tag="752"><subfield code="a">United States</subfield><subfield code="b">Pennsylvania</subfield><subfield code="c">Montgomery</subfield><subfield code="d">Pottstown.</subfield></datafield><datafield ind1="0" ind2="0" tag="780"><subfield code="t">Pottstown daily news (Pottstown, Pa.: 1892)</subfield><subfield code="w">(DLC)sn 87080524</subfield></datafield><datafield ind1="0" ind2="7" tag="785"><subfield code="t">Pottstown mercury (Pottstown, Pa. : 1932)</subfield><subfield code="w">(DLC)sn 87078329</subfield></datafield><datafield ind1="0" ind2="7" tag="785"><subfield code="t">Pottstown mercury and the Pottstown news</subfield><subfield code="w">(DLC)sn 87078328</subfield></datafield></record>